@book{Manifesto,
	author = "Aaron Swartz",
	title = "The Guerilla Open Access Manifesto",
	year = 2008,
}
